

@misc{JazzSite,
	Author = {{IBM}},
	Date-Added = {2010-09-15 11:58:09 +0200},
	Date-Modified = {2010-09-15 11:58:09 +0200},
	Howpublished = {{\footnotesize \verb|https://jazz.net/|}},
	Key = {JazzSite},
	Title = {Home Page},
	Url = {https://jazz.net/},
	Urldate = 2011,
	Year = {2011},
	Bdsk-Url-1 = {https://jazz.net/}}

@article{NaMoRoma2010,
	Author = {Natali, Antonio and Molesini, Ambra},
	Issn = {2070-3740},
	Journal = {World Academy of Science, Engineering and Technology},
	Month = apr,
	Note = {International Conference on Software Engineering and Technology (ICSET 2010), 28--30~} # apr # {~2010, Rome, Italy. Proceedings},
	Pages = {69--80},
	Publisher = {Academic Science Research},
	Title = {Towards Model-driven Communications},
	Pdf-Url = {http://www.waset.org/journals/waset/v64/v64-13.pdf},
	Volume = 64,
	Year = 2010}

@book{natMol09,
  title = {Costruire sistemi software: dai modelli al codice},
  author = {Natali,Antonio AND Molesini, Ambra},
  year = {2009},
  publisher = {Esculapio}
}
